% build your bibliography here...

% website citation...
@misc{WinNT,
  title = {{MS Windows NT} Kernel Description},
  howpublished = {\url{http://web.archive.org/web/20080207010024/http://www.808multimedia.com/winnt/kernel.htm}},
  note = {Accessed: 2010-09-30}
}

@misc{paperjs,
  title = {Paper.js offical site},
  howpublished = {\url{http://paperjs.org/}},
  note = {Accessed: 2018-03-22}
}
@misc{snapsvg,
  title = {Snap SVG offical site},
  howpublished = {\url{http://snapsvg.io/}},
  note = {Accessed: 2018-03-22}
}
@misc{svgator,
  title = {SVGator offical site},
  howpublished = {\url{https://www.svgator.com/}},
  note = {Accessed: 2018-03-22}
}
